1836 2497
538 388 1264 456 ohservationes

866 500 917 539 ad

341 585 731 641 nonnullos
778 583 935 641 Titi
977 585 1190 641 Livii
1235 586 1454 642 loco-3.

653 797 1132 875 Prooemium.

246 937 370 997 Livii
402 957 574 998 historiis
602 968 674 1009 per
690 958 827 1014 viginti
854 963 893 1000 et
912 959 1018 1011 quod
1035 959 1204 998 excurrit
1222 969 1347 998 annos
1374 957 1652 1010 discipulorum
1668 959 1707 999 in

79 1041 192 1071 usum
207 1031 425 1085 explicatis,
445 1031 572 1070 visum
588 1034 660 1083 est,
683 1030 775 1071 data
790 1031 987 1071 scribendi
1004 1031 1229 1083 occasione,
1261 1030 1380 1070 edere
1398 1033 1709 1085 commentarios,

79 1104 178 1143 inter
194 1104 403 1158 legendum
429 1103 845 1156 commentandumque
873 1108 999 1157 natos,
1029 1104 1170 1156 quibus
1198 1104 1477 1155 interpretandi
1506 1104 1708 1155 scriptoris

76 1174 323 1216 difficultates
340 1175 527 1228 quasdam
544 1176 749 1228 solverem,
776 1178 831 1228 ut,
861 1177 926 1228 qui
943 1187 1006 1216 me
1020 1176 1122 1215 duce
1139 1176 1245 1215 iilum
1259 1176 1461 1230 legissent,
1488 1176 1703 1218 studiorum

76 1249 336 1287 communium
353 1249 577 1287 memoriam
591 1247 862 1287 recordatione
876 1251 1111 1300 repeterent,
1129 1259 1190 1299 ac,
1207 1249 1273 1299 qui
1294 1248 1462 1288 eundem
1475 1248 1704 1290 historicum

75 1321 158 1360 sive
191 1321 272 1371 jam
299 1323 527 1372 tractarent,
566 1319 649 1359 sive
677 1322 844 1359 tractare
881 1321 1119 1374 cogitarent,
1155 1320 1342 1360 levandae
1377 1331 1521 1371 operae
1558 1330 1700 1373 oppon-

73 1390 257 1433 tunitate
270 1392 478 1433 uterentur.
535 1391 671 1448 Deiegi
706 1392 823 1447 igitur
859 1392 1050 1444 ejusmodi
1077 1392 1323 1443 potissimum
1350 1394 1484 1445 iocos,
1521 1393 1571 1432 ad
1601 1403 1701 1446 quos

48 1467 51 1470 “
72 1469 181 1505 recte
217 1465 514 1520 intelligendos,
551 1465 613 1504 vei
650 1464 912 1503 restituendos
940 1464 1086 1515 aliquid
1115 1466 1267 1504 consilii
1296 1466 1359 1505 vei
1388 1466 1517 1518 auxilii
1537 1464 1703 1507 afferret

72 1548 157 1576 mea
188 1538 460 1576 commentatio
489 1537 523 1576 si
552 1546 631 1575 non
657 1536 756 1587 aliis,
786 1538 893 1575 certe
922 1538 1051 1575 tamen
1079 1536 1267 1576 studiosis
1297 1538 1472 1591 legendi
1459 1538 1579 1578 Livii
1596 1537 1701 1578 adso-
1729 1541 1758 1548 ''

71 1608 321 1648 lescentibus.
377 1608 449 1647 Ubi
478 1618 571 1647 vero
602 1606 694 1647 mihi
724 1603 951 1662 contigerit,
979 1610 1020 1647 ut
1045 1608 1162 1647 etiam
1192 1608 1465 1649 eruditioribus
1492 1610 1588 1649 viris
1611 1619 1700 1660 pro-

70 1681 183 1721 betur
210 1691 297 1721 mea
326 1681 377 1720 de
404 1681 597 1732 scriptore
624 1680 728 1720 bene
755 1680 929 1721 merendi
955 1681 1153 1734 voluntas,
1182 1680 1336 1720 habebo
1366 1691 1438 1720 cur
1464 1681 1670 1736 gaudeam.

666 1889 783 1940 ιιι».
814 1888 978 1939 xxv,
1014 1887 1093 1926 an.

107 1992 108 1995 =
206 1973 216 1985 ‘
234 1965 454 2017 „Omnium
474 1967 547 2008 oe'bz'
572 1966 758 2008 laborum
772 1966 1126 2019 pativntvr-umqum
1143 1966 1249 2007 droa
1264 1967 1422 2007 moenia
1438 1964 1695 2019 Syracusana

66 2038 174 2078 lma
212 2041 393 2092 πιανέᾳιισ
431 2038 735 2087 exhaustorum,
760 2041 1022 2090 nequaquam
1050 2040 1205 2078 tantum
1229 2035 1406 2090 fructum
1433 2049 1540 2087 ease,
1546 2061 1549 2065 -
1573 2050 1699 2092 qum

64 2123 202 2165 capere
229 2109 452 2164 Syracusas
473 2112 658 2165 potuisse.
660 2111 689 2132 “

166 2196 172 2199 “
232 2182 301 2224 Sic
316 2183 470 2225 recteJ.
486 2184 531 2224 A.
549 2161 807 2225 Ernestius
817 2180 1174 2238 ,K'reyssigi-us
1196 2150 1694 2225 acDrakenborcbius

62 2254 113 2295 ad
150 2254 283 2298 iidem
291 2256 499 2297 librorum
509 2256 605 2298 Mss-
628 2259 747 2310 atque
776 2255 976 2308 aptissime
1004 2254 1057 2296 ad
1081 2254 1160 2296 ioci
1189 2254 1433 2295 sententiam.
1493 2254 1697 2298 Mai-oenus

1425 2325 1442 2355 1
