1836 2497
881 92 906 130 9

76 215 133 255 ad
158 215 357 256 coelum
375 225 538 264 usque
556 215 805 258 laudibus
823 216 1066 271 aliquem,
1095 219 1342 260 scribendum
1360 220 1588 261 existimans
1605 222 1716 267 ela»

76 291 167 327 tus.
224 286 356 327 Simile
390 279 572 335 quiddam
610 291 670 327 est
691 289 798 327 illud
826 288 921 328 Livii
952 290 1027 342 (lV,
1057 289 1128 339 34)
1158 291 1426 330 celebrare
1463 293 1507 330 in
1547 304 1618 331 ma
1622 294 1703 344 Jus

76 359 100 397 i.
126 370 160 398 e.
182 359 279 416 ultra
307 360 390 399 veri
420 358 571 398 limites.
599 359 748 407 ⁸Contra
778 360 842 399 ad
872 352 1191 403 incrementa
1221 364 1466 418 ingentis
1495 365 1702 418 gloriae

76 429 250 480 Scipio
292 441 364 481 pro
383 429 553 488 ,fortuna
593 431 758 480 quadam
796 443 867 471 sua
907 443 931 471 a
970 432 1132 473 sortibus
1146 433 1273 475 lactis
1301 435 1478 476 laudatus
1505 437 1566 476 vel
1597 438 1700 477 cele-

74 503 229 555 bratus,
267 504 357 553 quin
394 514 568 553 eousque
604 506 742 544 auctus
781 515 872 545 esse
912 505 1072 554 dicitur,
1107 509 1149 545 ut
1186 508 1307 561 gloria
1337 509 1420 559 ejus
1449 498 1698 551 incrementis

72 573 214 628 ingens
254 574 376 617 lieret.
434 575 567 616 Finem
607 577 723 631 igitur
761 571 906 617 indicat
934 578 1008 617 ista
1033 579 1297 631 praepositio,
1332 580 1382 620 ad
1422 592 1535 630 quem
1573 593 1697 632 usque

73 647 267 687 celebrata
295 647 410 689 fuerit
440 647 635 699 Scipionis
664 649 799 704 gloria.
827 649 951 690 Licuit
973 636 1077 705 ergo
1106 660 1202 689 sane
1231 650 1363 689 dicere
1391 652 1441 690 ad
1470 653 1694 707 ingentia

72 718 220 772 gloriae
237 721 493 760 incrementa:
521 721 591 760 sed
611 732 727 771 quum
738 718 834 761 'finis
864 722 1137 762 celebrationis
1150 731 1229 760 non
1251 722 1573 762 incrementorum
1588 730 1693 764 esset

71 792 310 846 magnitudo,
331 793 403 833 sed
423 794 583 849 gloriae,
607 795 730 849 gloria
746 794 903 844 quidem
922 795 1063 849 ingens
1085 794 1300 844 praedicari
1317 795 1453 846 potuit,
1475 806 1552 834 non
1571 797 1694 836 incre-

70 856 253 903 menam
311 863 445 915 Neque
473 866 599 921 magis
626 864 779 906 fortuna
806 864 1072 922 magnitudine
1102 869 1309 918 censetur,
1350 866 1422 906 sed
1451 870 1585 906 natura
1613 880 1695 908 sua.

70 934 201 976 Refert
225 938 328 976 enim
351 937 497 988 videre,
527 939 629 978 sitne
657 949 859 989 prospera.
876 922 927 978 an
956 940 1209 991 improspera,
1236 939 1403 978 adversa
1430 951 1480 978 an
1509 941 1695 980 secunda.

70 1007 176 1048 Bene
197 1010 313 1064 igitur
334 1022 379 1050 se
406 1011 465 1051 sic
489 1010 605 1051 habet
624 1012 739 1052 locus
753 1011 861 1065 Livii,
890 1015 930 1052 ut
957 1024 982 1052 a
1010 1012 1206 1063 plerisque
1236 1012 1352 1051 etiam
1381 1010 1499 1052 hodie
1528 1014 1695 1065 scriptus

70 1080 217 1121 editur:
245 1083 495 1137 ingentis
523 1084 584 1123 ad
614 1080 1178 1144 incrementa‘gloriae
1208 1084 1438 1123 celebratus.

668 1151 783 1203 mn.
808 1154 976 1209 xxx,
1001 1164 1090 1203 44.

180 1226 258 1267 Nec
287 1240 368 1268 esse
394 1229 438 1267 in
465 1240 534 1267 vos
562 1229 650 1268 odio
678 1230 802 1267 vestro
831 1228 1052 1268 conatuum
1080 1227 1261 1266 credatis.

154 1304 157 1306 '
222 1295 343 1340 v'Haec
383 1301 500 1339 verba
537 1301 682 1351 aliquid
726 1300 972 1340 obscuritatis
1015 1299 1182 1352 habent,
1229 1300 1390 1351 ejusque
1429 1298 1692 1338 removendae

67 1382 187 1411 causa
215 1372 645 1412 Drakenborchio
683 1372 903 1412 Necesse
939 1375 1016 1411 est
1054 1373 1226 1412 scribere
1264 1372 1420 1421 placuit.
1475 1371 1689 1420 improbata

66 1453 169 1483 vero-
196 1436 312 1496 liujus
348 1447 387 1484 et
416 1443 660 1487 Crevierii
698 1445 1014 1494 interpretatione
1042 1442 1305 1483 Walchius
1339 1453 1377 1493 p.
1410 1443 1486 1482 112
1524 1443 1691 1483 restituit

65 1515 294 1564 scripturam
332 1516 535 1567 codicum,
570 1517 801 1555 sententiam
840 1516 1154 1570 interrogativam
1184 1525 1274 1554 esse
1302 1518 1428 1566 ratus,
1463 1518 1552 1565 post
1581 1526 1687 1554 cre-

66 1586 198 1626 datis
226 1588 387 1627 verbum
415 1588 677 1643 interrogandi
708 1588 822 1643 signo
852 1587 1038 1628 distinxit.
1094 1587 1435 1642 Heusingerus
1470 1592 1599 1627 autem
1634 1590 1688 1628 in-

64 1656 154 1705 ferri
193 1662 268 1699 est
300 1659 397 1699 illud
434 1670 458 1699 a
497 1659 1087 1718 Drakenborchioaegre
1122 1658 1216 1711 sert,
1251 1662 1291 1698 et
1332 1658 1536 1699 Walchii
1575 1660 1688 1699 inter-

63 1732 304 1786 rogationem
341 1732 551 1772 creditis
587 1732 836 1773 indicativum
869 1743 1039 1784 poscere
1073 1731 1264 1782 opinatur.
1321 1731 1420 1771 Hinc
1456 1732 1553 1772 iste:
1592 1730 1686 1770 Nae

63 1813 177 1843 esse
194 1824 248 1833 --
266 1803 484 1844 credatis
513 1798 698 1856 scriptum
724 1804 804 1843 vult
823 1804 1141 1844 Walchianae
1170 1804 1495 1855 interpretationis
1521 1803 1687 1857 vestigia

62 1871 243 1916 secutus:
274 1871 445 1928 „immo
474 1877 678 1917 maxime
704 1873 969 1916 credatis“.
1026 1875 1162 1927 Neque
1190 1886 1284 1915 vero
1312 1875 1430 1928 vidit,
1456 1886 1546 1915 nae
1570 1875 1684 1926 parti-

62 1946 188 1985 culam
216 1948 370 1986 nonnisi
396 1942 665 2001 ⁴confirmandi,
694 1949 766 1988 sed
795 1949 938 1987 immo
968 1948 1190 2002 corrigendi
1219 1947 1365 1987 habere
1388 1948 1478 1986 vim.
1510 1947 1686 1985 Ceterum

61 2012 612 2061 Drakenbor-chianum
634 2031 869 2060 necesse
916 2023 991 2060 est
1026 2029 1189 2071 prorsus
1222 2019 1404 2060 abhorret
1438 2031 1461 2058 a
1496 2019 1689 2058 sententia

61 2085 148 2132 toc‘iss
177 2089 334 2133 Nam-<st
364 2086 568 2133 crederent
585 2084 956 2149 Carthaginienses,
994 2092 1099 2146 quod
1126 2092 1206 2132 vult
1230 2089 1685 2144 Drakenborchius,

61 2160 561 2217 samaptum2esset3fsed‘
585 2164 938 2218 quodnecesse
965 2159 1044 2207 e-st
1073 2165 1295 2205 credatis
1323 2164 1425 2203 idem
1445 2162 1552 2216 dicit,
1581 2164 1690 2215 quod

59 2232 446 2289 non‘²potestis{non³
462 2233 797 2291 'crederessA‘tqui
816 2245 902 2278 non·
926 2238 1090 2279 credunt
1119 2234 1469 2291 Carthaginienses,
1497 2235 1571 2275 sed
1599 2237 1688 2287 ipso

61 2311 217 2361 quidem
246 2310 655 2352 Drakenborchio
686 2304 1021 2352 volente-debent·
1045 2302 1237 2358 -credere3
1273 2308 1461 2360 quocirca
1493 2310 1560 2347 aut
1598 2318 1690 2347 con-

1418 2378 1439 2409 3
