1836 2497
907 89 957 133 12

100 220 296 260 deturbari
344 219 485 257 omnia.
544 218 652 264 Quae
690 218 904 269 sententia,
953 228 1031 269 quo
1070 219 1282 270 simplicior
1324 223 1384 260 est
1425 223 1462 259 et
1501 222 1648 274 verior,
1693 233 1741 261 eo

98 294 226 332 minus
255 292 441 336 dubitatio
471 290 750 343 Doeringii
780 293 910 339 potest
939 291 1123 341 perspici.
1172 291 1352 330 Ceterum
1370 302 1460 330 -non
1490 296 1552 332 est
1579 293 1741 334 haeren-

99 365 191 405 dum
220 366 258 409 in
288 375 364 404 usu
394 374 417 402 e
433 374 460 402 x
488 361 813 412 praepositionis,
843 372 894 399 ex
922 373 999 412 qua
1025 372 1104 401 non
1133 362 1249 401 modo
1276 364 1538 413 compositum
1561 368 1629 404 ¹est
1658 376 1742 405 ver-

96 438 188 477 bum
226 433 532 485 emovendi‚
571 433 691 484 idque
721 433 783 471 vel
812 433 918 483 apud
945 432 1094 475 Livium
1131 444 1220 474 cum
1256 434 1427 498 eadem]
1450 438 1741 489 praepositione

98 511 376 560 constructum,
406 510 447 546 ut
476 504 868 547 multitudinem
898 516 921 547 e
950 504 1065 546 soro
1084 505 1198 560 XXV,
1217 507 1251 546 l.
1276 492 1395 559 clivi,
1414 506 1468 547 38
1500 510 1740 560 pestilen-

98 583 212 625 tiam
250 592 310 621 ex
348 590 468 634 agro
506 578 716 621 Romano
754 588 926 634 emov.,
963 578 1036 618 sed
1074 580 1190 620 etiam
1226 579 1538 620 moverede
1576 584 1613 622 et
1652 594 1740 621 cum

99 655 185 696 solo
216 653 383 694 ablativo
415 652 592 704 eJusdem
621 649 942 706 significationiS,
973 654 1014 693 ut
1043 651 1082 693 in
1111 652 1187 694 illis
1214 652 1397 705 loquendi
1427 651 1621 705 formulis5
1640 665 1740 694 se-

99 730 240 779 natu,
270 726 428 777 curia,
458 725 577 776 tribu,
607 724 720 765 loco
762 726 837 765 etc.

739 852 830 884 ιιι».
851 853 1014 891 xxxv,
1043 853 1112 883 ao.

275 941 352 983 Nec
381 942 563 982 meavisse!
599 952 641 981 se
683 941 914 994 quisquam,
954 942 990 981 si
1028 954 1078 981 σω
1114 941 1258 994 teneplo
1283 942 1424 994 positis
1452 943 1577 982 armis
1605 946 1740 982 vocata

102 1018 146 1056 in
186 1016 412 1056 concionem
448 1013 656 1054 mullitudo
690 1010 833 1066 fuisset
875 1015 912 1053 et
948 1015 1076 1054 oratio
1112 1013 1246 1055 habita
1287 1015 1454 1068 tempori
1496 1016 1741 1063 notaverim-5,

98 1086 321 1141 frequentes
348 1086 442 1133 inde
468 1088 607 1127 retenti
634 1088 680 1127 in
708 1088 834 1127 armis
863 1086 986 1127 Aetoli
1014 1088 1100 1126 sine
1126 1088 1280 1140 injuria
1306 1089 1554 1139 cujusquam.
1576 1117 1578 1121 ⁷

273 1159 359 1198 Non
388 1160 485 1199 satis
513 1160 629 1211 plana
659 1162 719 1199 est
750 1169 826 1199 nec
856 1162 985 1199 tamen
1014 1160 1129 1210 plane
1158 1159 1507 1211 desperandaista
1525 1158 1741 1199 vverborum

104 1232 355 1273 constructio.
387 1231 687 1271 Gronovius
716 1230 876 1283 quidem
905 1231 1034 1271 locum
1061 1231 1115 1271 ita
1144 1232 1325 1287 corrigit:
1356 1230 1740 1284 „frequentibus

105 1305 220 1344 inde
248 1304 473 1344 retentis
503 1304 550 1342 in
579 1304 729 1343 armis
757 1302 962 1343 Aetolis.
1020 1303 1063 1342 ld
1090 1314 1185 1344 vero
1215 1314 1294 1343 non
1324 1307 1384 1344 est
1419 1303 1739 1356 medelam‚-sed

103 1378 181 1415 vim
218 1375 360 1415 inferre
407 1376 612 1426 scriptori,
659 1378 700 1414 et
741 1375 1083 1425 perincommodus
1127 1376 1191 1415 ille
1237 1385 1452 1415 concursus
1487 1375 1741 1417 ablativorum

103 1450 253 1489 armis
282 1448 489 1487 Aetolis.
546 1448 866 1501 Doeringius
905 1450 1040 1486 contra
1076 1448 1204 1487 locum
1242 1448 1294 1487 ita
1333 1447 1516 1487 tentavit:
1556 1450 1603 1487 et
1632 1458 1739 1488 ora-

103 1524 239 1561 tione
276 1520 445 1560 habita
481 1520 692 1571 tempori
730 1520 1114 1571 conveniente,
1158 1518 1469 1570 frequentes
1506 1518 1626 1559 inde
1661 1531 1739 1559 re,-

104 1594 231 1633 tenti
272 1594 319 1632 in
358 1593 504 1635 armis
535 1592 706 1631 Aetoli.
765 1591 820 1632 lta
848 1603 943 1632 sane
974 1592 1195 1632 emendavit
1224 1592 1373 1643 locum,
1409 1602 1487 1631 non
1516 1592 1570 1632 ita
1598 1595 1739 1645 tamen,

103 1669 143 1705 ut
183 1676 233 1705 eo
276 1667 529 1716 componeret
568 1663 707 1714 modo,
746 1674 824 1713 quo
861 1664 1030 1713 scriptus
1066 1667 1175 1703 esset
1202 1664 1251 1702 ab
1281 1664 1367 1713 ipso
1397 1663 1528 1717 Livio,
1559 1665 1633 1705 sed
1662 1676 1740 1717 quo

104 1737 222 1777 modo
260 1737 452 1787 potuisset
487 1735 537 1776 ab
580 1736 644 1777 illo
682 1736 813 1776 scribi.
872 1735 1008 1788 Neque
1038 1737 1143 1776 enim*
1168 1736 1220 1777 de
1248 1749 1369 1777 sensu
1396 1738 1603 1778 verborum
1632 1738 1741 1795 dubi-

105 1814 186 1850 tare
209 1810 312 1850 lieet.
346 1807 559 1849 Offensioni
587 1811 648 1848 est
666 1810 800 1849 >autem
823 1810 938 1850 nobis
955 1810 1128 1849 insolens
1145 1810 1209 1849 illa
1228 1810 1376 1859 ellipsis
1391 1812 1557 1860 copulae
1572 1814 1612 1850 et
1631 1812 1739 1851 verbi

104 1882 302 1922 auxiliaris
330 1882 369 1921 in
400 1886 578 1922 extremo·
602 1882 755 1932 periodi
781 1883 971 1933 membro,
999 1887 1130 1934 neque
1147 1893 1242 1922 vero
1261 1886 1325 1923 est
1349 1884 1423 1922 ista
1450 1884 1657 1937 ejusmodi,
1674 1888 1739 1938 ut,

103 1955 254 1997 etiamsi
287 1954 605 2004 perincommoda
618 1984 620 1987 >
634 1953 823 2006 videatur,
852 1965 1066 2005 parumque
1095 1965 1270 2009 congrua
1296 1955 1583 2008 consuetudini,
1609 1959 1739 1995 tamen

103 2025 331 2071 necessario
361 2025 519 2077 aliquod
548 2026 859 2080 supplementum
888 2025 1110 2076 desideret,
1137 2027 1739 2068 aut-constructioniszmutatio-

102 2111 204 2140 nem.
254 2098 386 2143 ‘Recte
434 2097 551 2153 igitur
586 2096 932 2154 Kreyssigius
975 2102 1014 2140 et
1051 2098 1096 2140 W
1110 2099 1499 2140 eisszenb‘ornius
1549 2101 1739 2152 seriptum

105 2175 179 2213 loci
220 2173 376 2228 vulgata
414 2171 749 2225 acquiescendum
773 2175 1039 2227 putaverunt,
1077 2176 1116 2214 et
1149 2174 1231 2227 jam
1255 2173 1356 2213 Heu
1364 2184 1594 2229 suigerus
1619 2174 1741 2215 verba

105 2247 334 2288 Germanice
370 2246 424 2286 ita
459 2245 679 2296 expressit,
704 2248 768 2285 ut
784 2244 894 2287 Livii
911 2246 1089 2287 ordinem
1114 2249 1347 2344 sequeretur
1375 2246 1595 2301 ducemque
1623 2247 1739 2289 imr-

106 2319 350 2370 metationis
347 2317 531 2362 haberet
542 2318 884 2373 noer-ingiam.
1117 2340 1119 2343 ·
1717 2345 1721 2349 -
