1836 2497
894 95 945 139 1³

715 218 808 254 nb.
827 221 1014 259 xxxvl,
1044 221 1112 253 ιι.

219 299 323 348 Quos
347 296 511 351 placida
536 296 712 337 oratione
738 297 893 338 tem'tos
919 308 1040 350 quum
1063 296 1342 351 permulsis-ret.

272 372 312 411 In
341 370 403 410 his
431 371 532 409 bene
561 358 753 410 sentiente
779 367 960 409 Doeri'n
970 369 1050 424 gio
1085 379 1322 424 magnopere
1347 369 1473 410 turbat
1506 371 1596 411 illud
1623 376 1719 413 ter·

103 447 256 493 ritus,
283 453 361 483 non
391 442 496 496 quod
525 442 611 482 sine
638 441 824 496 ablativo,
853 453 930 495 quo
960 445 1087 484 metus
1115 452 1234 482 eausa
1262 440 1516 497 significetur,
1544 444 1717 486 absolute

103 519 271 570 dicatur,
308 517 363 568 (in
398 526 475 568 quo
516 526 747 568 quamquam
782 515 908 556 minus
935 514 1141 568 frequente
1167 526 1243 554 usu
1269 513 1506 556 haerendum
1534 528 1613 556 non
1642 517 1716 567 est)

102 590 174 631 sed
210 589 316 643 quod
354 601 442 629 cum
478 587 807 653 mienepquthfp
828 593 955 650 eoque
983 591 1237 645 praepostere
1265 589 1493 641 interposito
1522 590 1716 643 („plaeida

102 661 315 712 oratione“)
352 662 605 714 componitur.
663 659 756 701 Sine
795 661 911 702 dubio
948 661 1078 711 Livius
1113 650 1300 701 debuerat
1336 660 1414 700 hoe
1449 661 1565 701 modo
1599 663 1717 703 verba

101 735 339 786 disponere.
356 745 538 787 „quos
549 735 763 785 territos
772 745 918 789 quum
944 734 1145 787 placida
1174 733 1402 786 oratione
1420 735 1712 786 permulsis-

101 810 188 847 set.
218 807 264 847 At
293 807 579 867 itaretraetum
607 806 698 846 illud
727 805 1019 870 ’dfiffimffl
1045 816 1127 846 non
1152 806 1279 848 turbat
1307 806 1715 862 quidemvnorationem‚

99 879 171 918 sed
216 879 318 919 adeo
365 882 426 920 est
471 890 820 933 supervaeaneum,
844 883 907 930 vut
944 890 1019 931 nec
1055 883 1166 920 ornet
1201 879 1432 920 accessione
1466 890 1538 920 sua
1572 880 1712 936 locum,

98 963 173 991 nee
201 951 444 992 desideretur
472 953 668 993 omissum.
723 952 808 993 Hoe
834 953 951 1008 igitur
984 952 1304 1006 additamentum,
1337 952 1565 1005 praesertim
1594 964 1710 1006 quum

98 1025 226 1065 statim
266 1027 379 1065 antea
407 1008 453 1064 *m
464 1029 550 1067 e‘tu
588 1026 766 1067 coacti
798 1029 1168 1080 commemorentur,
1201 1025 1302 1066 hanc
1338 1026 1389 1066 ob
1419 1036 1577 1065 eausam
1602 1024 1708 1067 haud

98 1098 182 1137 seio
212 1108 261 1136 an
289 1107 367 1137 non
396 1098 512 1137 modo
541 1109 618 1138 non
644 1087 929 1151 necessarium,
964 1098 1036 1138 sed
1063 1099 1130 1139 vix
1157 1089 1358 1139 ferendum
1385 1098 1453 1150 sit,
1489 1101 1529 1138 et
1556 1099 1705 1154 glossa·

100 1170 194 1210 toris
224 1162 601 1224 interpretamentum
628 1170 777 1224 petius,
806 1180 921 1223 quam
947 1171 1071 1224 ipsius
1097 1163 1398 1248 manuscriptum
1425 1166 1535 1211 Livii.
1703 1170 1707 1174 “
