1836 2497
903 66 928 106 2

102 199 206 238 enim
251 197 290 236 in
335 195 411 235 liac
458 198 631 234 extrema
680 193 856 233 oratione
893 192 944 232 ad
982 193 1136 247 legatos
1174 193 1455 247 Syracusanos
1492 196 1636 237 nullum
1670 200 1742 239 sibi

102 272 227 323 majus
257 269 471 320 praemium
501 268 679 318 potuisse
709 268 939 321 contingere
970 265 1132 318 fatetur,
1159 279 1288 320 quam,
1316 271 1372 308 tot
1393 270 1578 319 periculis
1607 270 1744 310 labori-

102 343 254 393 busque
285 341 323 379 in
354 340 460 380 urbis
490 339 700 379 obsidione
731 339 903 390 perlatis,
935 338 1213 391 Syracusarum
1242 341 1583 394 expugnationem.
1613 340 1746 381 Mirum

101 415 140 452 in
176 412 335 451 modum
373 410 825 451 Weissenbornius
868 421 992 461 nuper
1018 412 1259 459 ,recidit‘ad
1296 413 1455 451 alteram
1494 414 1744 464 scripturam:

104 485 233 537 quod
257 496 292 524 c.
320 495 374 523 se
404 483 671 534 potuisset,
713 493 813 533 quae
842 493 920 521 non
950 472 1109 523 dub'iuni
1138 487 1218 535 est,
1248 484 1339 535 quin
1368 485 1607 537 grammatici
1637 495 1744 524 scru-

104 557 196 609 pulo
233 557 392 596 suborta
428 555 497 605 sit,
546 554 634 606 qui,
680 554 847 605 subjecti
885 546 1149 595 accusativum
1195 556 1444 607 desiderans,
1491 556 1529 594 in
1567 554 1742 596 infinitivi

102 631 231 668 locum
261 627 468 667 substituto
499 627 749 677 conjunctivo
783 627 943 666 verbum
972 627 1023 666 ad
1051 639 1258 678 personam
1287 627 1462 668 referret.
1523 627 1635 674 Quod
1656 638 1742 668 ·non

104 711 205 753 opus
243 702 345 752 erat,
382 709 512 750 neque
550 708 627 751 quo
656 698 722 737 lux
752 697 1016 739 affunderetur
1045 701 1281 753 sententiae,
1322 710 1451 752 neque
1482 710 1559 752 quo
1589 701 1744 756 linguae

104 774 192 812 usui
222 772 501 811 consuleretur.
561 770 660 809 Niliil
702 772 807 809 enim
844 770 1105 823 frequentius,
1144 773 1373 823 praesertim
1401 772 1505 823 apud
1535 772 1743 814 historicos

103 845 226 884 omitti
255 844 522 883 accusativum
551 844 716 895 subjecti
747 844 770 882 i.
803 854 838 883 e.
867 844 1118 897 pronominis,
1148 845 1253 897 quod
1285 856 1308 884 e
1338 846 1539 895 superiore
1569 846 1743 886 oratione

103 915 218 956 facile
247 916 372 967 possit
410 916 583 970 intelligi.
641 915 767 955 Nihilo
798 918 924 956 minus
949 917 1030 968 jam
1060 916 1340 957 Gronovius
1368 928 1439 968 pro
1473 929 1595 959 esse
1625 919 1741 959 scribi

104 990 223 1029 voluit
252 1000 367 1028 sese
394 999 514 1027 sensu
540 988 614 1026 loci
636 999 711 1027 nec
737 993 941 1040 poscente,
973 993 1010 1028 et
1031 989 1135 1040 quod
1155 989 1595 1030 Drakenborchius
1624 994 1742 1044 taxat,

54 1060 59 1064 ”
103 1072 155 1099 ne
190 1060 437 1099 concedente
475 1059 645 1111 quidem.
704 1058 817 1105 Quod
854 1064 983 1100 autem
1022 1060 1072 1100 de
1113 1060 1512 1117 Drakenborchii
1550 1062 1742 1102 sententia

104 1133 281 1173 ressexivi
310 1132 569 1198 pronominis,
595 1132 837 1172 iterationem
872 1133 1045 1185 impedit,
1075 1144 1289 1183 pronomen
1310 1133 1401 1172 illud
1427 1135 1520 1173 sibi
1538 1133 1740 1174 confirmat

103 1205 281 1259 eJ'usdem
306 1206 458 1257 ellipsin
474 1204 726 1256 pronominis.
757 1204 851 1244 Nam
875 1206 994 1258 sibi,
1024 1206 1115 1258 quia
1132 1206 1388 1257 praemissum
1405 1209 1478 1259 est,
1507 1207 1558 1246 ad
1576 1208 1740 1247 eandem

101 1280 308 1330 personam
339 1281 555 1317 extremum
582 1277 734 1327 periodi
764 1278 977 1317 membrum
1005 1276 1140 1317 referri
1163 1289 1299 1331 posse,
1326 1281 1364 1318 et
1385 1289 1437 1317 se
1455 1279 1626 1332 suppleri
1644 1280 1741 1319 satis

105 1351 262 1390 indicat.
856 1339 863 1343 ’

274 1421 410 1473 Aptior
446 1424 507 1461 est
546 1421 657 1461 tertia
696 1421 812 1461 lectio
849 1421 1031 1461 librorum
1068 1419 1232 1463 Florent.
1262 1421 1424 1463 Lovel.
1459 1422 1494 1462 l.
1525 1422 1563 1462 2.
1594 1422 1633 1461 4.
1663 1426 1739 1463 etc.

105 1505 277 1546 „quam
306 1494 434 1546 quod
464 1505 499 1534 c.
529 1506 562 1534 s.
590 1492 878 1545 potuisset“
908 1504 959 1532 ex
989 1496 1152 1545 utraque
1179 1495 1347 1546 reliqua,
1377 1498 1419 1533 ut
1446 1495 1618 1546 videtur,
1648 1505 1740 1534 con-

107 1567 273 1606 cinnata.
332 1564 514 1606 Nimirum
551 1576 599 1605 ea
628 1565 787 1618 quidem
823 1576 901 1605 non
940 1567 1113 1606 excludit
1150 1567 1498 1620 comparationem,
1536 1579 1651 1620 quam
1688 1571 1740 1607 ad

106 1639 182 1679 loci
217 1641 392 1679 naturam
422 1630 773 1678 demonstravimus
802 1649 893 1678 esse
923 1640 1198 1679 necessariam.
1255 1639 1314 1692 At,
1343 1643 1384 1679 ut
1412 1640 1499 1691 alia,
1529 1650 1630 1691 quae
1660 1649 1739 1678 me-

105 1722 258 1752 morare
276 1721 451 1764 possem,
480 1712 634 1752 silentio
658 1714 866 1763 transeam,
895 1711 1052 1750 omnino
1080 1712 1350 1764 conjunctivus
1378 1712 1442 1751 ille
1470 1712 1598 1751 minus
1625 1714 1740 1763 aptus

104 1785 278 1836 videtur,
316 1794 394 1835 quo
423 1785 486 1824 vel
523 1785 563 1822 in
600 1783 756 1834 obliqua
794 1783 968 1823 oratione
997 1784 1123 1823 aliena
1152 1785 1346 1824 sententia
1374 1782 1582 1836 reseratur,
1624 1794 1738 1835 quam

106 1853 336 1908 infinitivus,
367 1866 445 1908 quo
475 1866 587 1896 suam
615 1853 806 1895 fortunam
835 1854 1037 1895 Marcellus
1068 1859 1267 1896 memorat.

640 1936 757 1975 Lib.
782 1935 947 1980 XXV,
972 1936 1059 1974 ³8.
1084 1935 1203 1974 infit.

274 1996 362 2048 „Ne
396 2001 531 2038 tamen
566 1998 695 2039 subita
720 2010 786 2039 ros
814 2002 853 2039 ot
877 2002 1094 2039 nectamus
1121 2001 1248 2039 terror
1277 2001 1396 2040 etiam
1423 2010 1505 2039 non
1533 2010 1630 2038 suae
1651 1995 1735 2050 for-

104 2076 224 2114 ttmae
249 2070 460 2112 consilium
483 2069 756 2123 perturbaret,
796 2070 853 2111 ad
879 2070 1093 2124 loquendos
1122 2071 1464 2124 adhortandosque
1491 2069 1565 2111 sihi
1591 2070 1737 2112 militet

103 2147 237 2192 ratus,
263 2155 296 2182 c.
326 2155 363 2182 a.
392 2143 452 2182 ita
480 2139 700 2181 disseruit.“

273 2214 379 2255 Haec
401 2215 483 2267 jam
511 2213 664 2265 pridem
692 2217 852 2266 recepta
880 2218 941 2256 est
969 2216 1099 2256 lectio.
1157 2215 1305 2256 Turbas
1341 2214 1435 2256 fecit
1463 2215 1557 2255 illud
1587 2216 1734 2256 etiam

105 2297 212 2328 non.
241 2286 688 2338 HincLipsiusevet.
708 2287 805 2327 libro
835 2291 882 2328 et
910 2299 1002 2329 non
1033 2299 1176 2343 suae,
1200 2300 1251 2329 ac
1265 2288 1563 2330 Perizonius
1591 2290 1736 2329 etiam
