1836 2497
875 71 911 111 ‘1

679 196 794 235 laih.
829 198 996 243 XXV,
1030 198 1117 236 88.

248 269 354 319 „Vel
380 276 471 308 mea
497 278 596 320 ergo
620 269 881 320 imperatores
908 273 1064 311 nostros
1089 270 1197 309 vivos
1218 272 1468 322 mortuosque
1485 272 1628 323 pietas,
1656 273 1721 312 vel

73 353 267 397 praesens
298 342 477 382 omnium
505 342 709 388 nostrum,
737 341 905 391 milites,
931 339 1098 394 fortuna
1122 339 1248 396 fidem
1275 341 1398 381 cedvis
1421 338 1557 395 facere
1578 346 1717 396 potest,

78 415 175 456 milei
215 415 288 454 hoc
323 414 533 466 imperitam
540 441 555 462 ,
593 415 639 452 ut
674 413 854 465 amplum
874 413 1028 466 Judicio
1055 415 1206 463 vestro,
1242 414 1299 453 ita
1328 424 1372 452 re
1398 414 1488 465 ipsa
1514 426 1643 467 gravo
1669 427 1717 457 ac

75 488 287 528 sollicitum
308 498 402 525 esse.
433 483 517 531 Quo
548 486 654 524 enim
682 487 866 537 tempore,
895 485 975 524 nisi
1001 487 1128 525 metus
1156 489 1374 524 moerorem
1402 473 1716 538 obstupefacere&

74 561 145 600 nix
177 560 236 598 ita
273 569 433 610 compos
471 558 549 596 mei
588 567 736 605 essem,
774 558 818 608 u!
853 554 991 608 aliqua
1027 556 1173 596 solatia
1205 557 1380 596 invenire
1414 567 1540 608 aegro
1579 559 1715 598 animo

70 642 252 683 possem.-
289 641 415 681 cogor
453 632 625 668 vestram
660 628 839 667 omnium
875 629 997 667 vicem
1033 628 1165 680 (quod
1203 625 1487 682 difficillimum
1525 631 1571 668 in
1608 629 1713 670 luctu

76 702 157 753 est)
185 712 290 741 unus
317 700 534 748 consulere,
564 702 601 738 et
627 710 678 738 ne
699 701 783 738 tum
804 699 976 751 quidem,
1003 698 1082 748 uhi,
1107 710 1281 752 quonam
1298 698 1415 738 modo
1434 698 1509 740 lias
1524 700 1713 753 reliquia-3

71 774 243 813 duorum
260 773 500 812 caeercituum
519 772 679 824 pan-iae
706 782 938 811 conservare
959 772 1126 823 possim,
1154 771 1415 823 cogitandum
1444 775 1513 821 est,
1542 775 1712 813 avertere

72 846 255 885 animum
284 843 335 883 ab
365 843 525 883 assiduo
555 855 692 883 amore
721 842 812 882 libet
840 840 934 881 etc.“

242 915 283 955 ln
321 915 396 955 hac
434 915 684 969 ingressione
720 916 906 954 orationis
943 914 995 954 ad
1033 914 1175 954 milites
1204 914 1370 955 Marcius
1399 915 1464 954 vix
1493 915 1546 954 ita
1575 915 1635 954 sui
1664 921 1710 954 se

72 989 295 1036 compotem
325 997 417 1026 esse
442 986 557 1039 dicit,
592 990 634 1027 ut
664 987 737 1027 sibi
768 987 948 1026 solatium
977 987 1171 1035 inveniat,
1209 987 1354 1026 nedum
1384 987 1587 1026 consilium
1615 987 1710 1027 dare

72 1059 254 1099 militibus
294 1059 433 1110 possit.
492 1059 600 1098 Haec
636 1060 711 1098 loci
752 1058 946 1099 sententia
982 1059 1083 1097 adeo
1122 1059 1239 1109 plana
1276 1062 1358 1111 est,
1400 1061 1442 1098 ut
1479 1068 1596 1097 nemo
1620 1059 1709 1111 <jam

72 1130 234 1183 dubitet,
264 1131 357 1182 quin
388 1134 427 1170 et
456 1130 852 1170 orationiMarcianae
879 1131 931 1170 sit
960 1140 1146 1185 congrua,
1177 1133 1215 1170 et
1244 1130 1309 1171 his
1336 1130 1435 1182 ipsis
1454 1130 1587 1170 verbis
1615 1139 1708 1170 con-

74 1206 191 1254 cepta
220 1214 243 1241 a
267 1201 388 1241 Livio.
426 1203 658 1253 conspirant
688 1203 805 1257 igitur
833 1212 924 1241 cum
954 1201 1070 1240 codd.
1087 1201 1178 1241 Mss.
1202 1205 1247 1242 'et
1277 1202 1367 1241 edd.
1383 1205 1476 1241 vett.
1497 1203 1614 1241 etiam
1638 1212 1707 1242 no·-

68 1274 253 1313 vissimae
283 1272 579 1328 Kreyssigii
610 1277 649 1314 et
677 1272 1093 1314 Weissenbornii.
1148 1272 1264 1319 ‘Quod
1293 1280 1394 1312 unus
1422 1272 1638 1315 Sabellicus
1666 1275 1706 1315 in

67 1345 131 1385 ed.
146 1344 281 1384 Venet.
296 1355 331 1383 a.
351 1345 454 1383 1491
489 1345 660 1397 adnotat⁷
690 1345 972 1396 probatumque
1000 1344 1074 1384 sibi
1102 1342 1219 1383 refert
1236 1344 1560 1399 Doeringiu's,
1589 1347 1704 1385 corr-

67 1416 222 1457 solari·
257 1427 331 1468 pro
371 1418 644 1457 consulere
678 1417 980 1457 constructionis
1020 1417 1107 1457 usui
1146 1419 1206 1456 est
1235 1417 1551 1469 convenientius,
1588 1428 1704 1469 quam

67 1490 345 1530 sententiarum
374 1490 512 1530 ordini.
571 1488 668 1549 {Iam
703 1500 799 1529 sane
835 1489 992 1542 quidem
1029 1489 1069 1528 in
1102 1491 1207 1529 tanta
1244 1489 1483 1541 calamitate,
1522 1493 1702 1542 quantam

66 1565 148 1601 tum
186 1562 383 1600 exercitus
412 1550 610 1601 Romanu's
648 1562 828 1612 accepit,
868 1560 1029 1600 difficile
1071 1564 1132 1600 est
1171 1561 1338 1599 animum
1376 1561 1571 1602 dolentem
1609 1573 1701 1603 con·

66 1634 203 1682 solari3
245 1633 285 1672 id
325 1630 430 1685 quod
459 1633 591 1674 Livius
630 1632 735 1673 haud
777 1644 972 1684 quaquam
1008 1630 1212 1680 infitiatur,
1252 1633 1318 1684 qui
1355 1643 1400 1672 se
1429 1634 1495 1673 vix
1523 1635 1701 1686 potuisse

64 1716 185 1760 aegro
224 1706 353 1743 animo
392 1705 521 1756 aliqua
558 1705 696 1744 solatia
732 1706 906 1756 reperire
943 1705 1089 1744 scribit.
1148 1702 1228 1743 Sed
1273 1708 1547 1756 praeterquam
1594 1708 1700 1758 quod

65 1777 203 1818 solatio
233 1787 334 1826 opus
364 1779 458 1828 erat,
489 1787 567 1828 quo
596 1777 726 1816 damni
747 1777 901 1827 accepti
925 1777 1117 1816 levaretur
1139 1777 1338 1830 cogitatio,
1365 1777 1483 1816 multo
1502 1776 1699 1819 difficilium

64 1852 147 1889 erat
163 1848 321 1899 Marcio,
344 1848 513 1886 animum
540 1849 652 1888 simul
683 1851 722 1888 et
751 1849 857 1887 luctu
885 1851 925 1887 et
953 1850 1069 1886 metu<
1087 1848 1254 1899 solvere,
1284 1858 1362 1899 quo
1390 1858 1469 1887 non
1499 1858 1587 1888 cum
1615 1850 1698 1899 plu-

63 1923 169 1963 ribus
199 1921 250 1960 de
276 1920 468 1959 communi
499 1921 622 1961 salute
652 1924 691 1962 et
720 1920 771 1959 de
791 1919 908 1959 hoste
931 1919 1102 1959 arcendo
1123 1920 1329 1959 consilium
1350 1920 1475 1974 iniret,
1503 1920 1577 1960 s'ed
1592 1923 1698 1962 unus

64 1994 242 2033 omnibus
268 1991 434 2032 consilio
463 1993 671 2042 prodesset
699 1992 763 2033 vel
793 1991 1017 2032 consuleret
1044 1994 1281 2032 statueretve
1309 1992 1370 2045 id,
1407 1993 1514 2044 quod
1553 1992 1697 2035 ceteris

64 2069 171 2108 esset
198 2066 285 2106 usui
317 2068 356 2105 et
388 2064 514 2105 saluti.
1165 2069 1169 2075 '

233 2137 366 2176 Omnis
397 2134 607 2175 difficultas
636 2138 697 2175 est
726 2136 765 2175 in
793 2146 881 2175 raro
916 2148 990 2176 usu
1011 2137 1225 2177 accusativi
1246 2137 1300 2177 ita
1322 2135 1549 2175 consulendi
1571 2135 1693 2176 verbo

61 2209 245 2262 adJuncti.
296 2209 410 2260 Atqui
454 2208 646 2247 classicus
676 2211 736 2248 est
764 2207 843 2248 hoc
870 2209 910 2260 in
939 2219 1088 2263 genere
1116 2208 1181 2247 ille
1210 2207 1410 2248 Ciceronis
1438 2207 1549 2248 locus
1579 2208 1690 2260 (Epp.

62 2282 113 2325 ad
141 2268 245 2323 Fam.
273 2280 348 2336 vn,
382 2279 449 2331 11)
480 2280 719 2335 „Consuli
750 2281 947 2334 quidem
975 2283 1024 2322 te
1060 2292 1084 2321 a
1112 2279 1324 2322 Caesare
1361 2280 1568 2334 scribis,
1603 2280 1691 2322 sed
